@Book{2009-cormen,
  author =	 {T.H. Cormen and C.E. Leiserson and R.L. Rivest and C. Stein},
  title =	 {Introduction to Algorithms},
  publisher =	 {MIT Press},
  edition =	 {2nd},
  year =	 2009
}

@article{pfaff2004,
 author = {Pfaff, Ben},
 title = {Performance Analysis of BSTs in System Software},
 journal = {SIGMETRICS Perform. Eval. Rev.},
 issue_date = {June 2004},
 volume = {32},
 number = {1},
 month = jun,
 year = {2004},
 issn = {0163-5999},
 pages = {410--411},
 numpages = {2},
 url = {http://doi.acm.org/10.1145/1012888.1005742},
 doi = {10.1145/1012888.1005742},
 acmid = {1005742},
 publisher = {ACM},
 address = {New York, NY, USA},
 keywords = {AVL tree, BST, binary search tree, red-black tree, splay tree, threaded tree},
} 


@Unpublished{pfaff2004full,
  author = 	 {Pfaff, Ben},
  title = 	 {Performance Analysis of BSTs in System Software},
  note = 	 {Available at https://benpfaff.org/papers/libavl.pdf}
}

